@article{GRC09,
AUTHOR = {Guedj, M. and Robin, S. and C\'elisse, A. and Nuel, G.},
TITLE = {Kerfdr: a semi-parametric kernel-based approach to local false discovery rate estimation},
JOURNAL = {BMC Bioinformatics},
VOLUME = {10},
YEAR = {2009},
NUMBER = {1},
PAGES = {84},
URL = {http://www.biomedcentral.com/1471-2105/10/84},
DOI = {10.1186/1471-2105-10-84},
PubMedID = {19291295},
ISSN = {1471-2105},
}

@article{RBD07,
  title={A semi-parametric approach for mixture models: Application to local false discovery rate estimation},
  author={Robin, S. and Bar-Hen, A. and Daudin, J.-J. and Pierre, L.},
  journal={Computational statistics \& data analysis},
  volume={51},
  number={12},
  pages={5483--5493},
  year={2007},
  publisher={Elsevier}
}


